@inproceedings{ERTS2020,
  author = {Stewart, Danielle and Liu, Jing and Whalen, Michael and Cofer, Darren and Peterson, Michael},
  title = {{The Safety Annex for Architecture Analysis Design and Analysis Language}},
  booktitle = {ERTS 2020: 10th European Conference Embedded Real Time Systems},
  year = {To appear}
}

@MISC{AMASEFinalReport,
 author = {Stewart, Danielle and Liu, Jing and Whalen, Michael and Cofer, Darren and Peterson, Michael},
 title = {{Architectural Modeling and Analysis for Safety Engineering (AMASE) Final Report}},
 month = {September},
 year = {2019},
 howpublished = {https://github.com/loonwerks/AMASE/tree/master/doc}
}

@techreport{SATechReport,
 author = {Stewart, Danielle and Liu, Jing and Whalen, Michael and Cofer, Darren and Peterson, Michael},
 title = {{The Safety Annex for Architecture Analysis Design and Analysis Language}},
 number = {18-007},
 institution = {University of Minnesota},
 month = {March},
 year = {2018},
 url = {https://www.cs.umn.edu/research/technical_reports/view/18-007}
}

@inproceedings{imbsa2017,
  title={Architecture Modeling and Analysis for Safety Engineering},
  author={Stewart, Danielle and Whalen, Michael W and Cofer, Darren and Heimdahl, Mats},
  booktitle = {IMBSA2017: 5th International Symposium on Model-Based Safety and Assessment},
  year= {2017}
}

@article{GALLIAN2015204,
title = "Even harmonious labelings of disjoint graphs with a small component",
journal = "AKCE International Journal of Graphs and Combinatorics",
volume = "12",
number = "2",
pages = "204 - 215",
year = "2015",
issn = "0972-8600",
doi = "https://doi.org/10.1016/j.akcej.2015.11.016",
url = "http://www.sciencedirect.com/science/article/pii/S0972860015000432",
author = "Joseph A. Gallian and Danielle Stewart",
keywords = "Properly even harmonious labelings",
keywords = "Even harmonious labelings",
keywords = "Harmonious labelings",
keywords = "Graph labelings"
}

@article{GALLIAN2015193,
title = "Properly even harmonious labelings of disconnected graphs",
journal = "AKCE International Journal of Graphs and Combinatorics",
volume = "12",
number = "2",
pages = "193 - 203",
year = "2015",
issn = "0972-8600",
doi = "https://doi.org/10.1016/j.akcej.2015.11.015",
url = "http://www.sciencedirect.com/science/article/pii/S0972860015000420",
author = "Joseph A. Gallian and Danielle Stewart",
keywords = "Properly even harmonious labelings",
keywords = "Even harmonious labelings",
keywords = "Harmonious labelings",
keywords = "Graph labelings"
}

@article{GALLIAN20151,
title={Properly even harmonious labelings of disjoint unions with even sequential graphs},
author={Gallian, Joseph and Stewart, Danielle},
journal={Journal of Graph Labelings},
volume={1},
number={1},
year={2015}
}




