%%%%%		Research Papers		%%%%%

% UMN / Rockwell 
@inproceedings{Stewart17:IMBSA,
  author =       {Danielle Stewart and Michael Whalen and Darren Cofer and Mats P.E. Heimdahl},
  title =        {{Architectural Modeling and Analysis for Safety Engineering}},
  booktitle =    {{IMBSA 2017}},
  year =         "2017",
 pages =	 "97-111"
}

@inproceedings{Joshi05:Dasc,
  author =       {Anjali Joshi and Steven P. Miller and Michael Whalen and Mats P.E. Heimdahl},
  title =        {{A Proposal for Model-Based Safety Analysis}},
  booktitle =    {{In Proceedings of 24th Digital Avionics Systems Conference}},
  year =         "2005"
}

@inproceedings{Joshi05:SafeComp,
  author =       {Anjali Joshi and Mats P.E. Heimdahl},
  title =        {{Model-Based Safety Analysis of Simulink Models Using SCADE Design Verifier}},
  booktitle =    {SAFECOMP},
  year =         "2005",
  volume =       "3688",
  series =       {LNCS},
  pages =        "122"
}

@inproceedings{Joshi07:Hase,
  author =       {Anjali Joshi and Mats P.E. Heimdahl},
  title =        {{Behavioral Fault Modeling for Model-based Safety Analysis}},
  booktitle =    {{Proceedings of the 10th IEEE High Assurance Systems Engineering Symposium (HASE)}},
  year =         "2007"
}

@inproceedings{QFCS15:backes,
 author={Backes, John and Cofer, Darren and Miller, Steven and Whalen, Michael W.},
 title={{Requirements Analysis of a Quad-Redundant Flight Control System}},
 year={2015},
 booktitle={{NFM}},
 volume={9058},
 series={LNCS},
 pages={82-96}
}

@inproceedings{hilt2013:MuWhRaHe,
  author    = {Anitha Murugesan and Michael W. Whalen and Sanjai Rayadurgam and Mats P.E. Heimdahl},
  title     = {{Compositional Verification of a Medical Device System}},
  booktitle = {HILT 2013},
  month     = {November},
  publisher = {ACM}
}

@inproceedings{NFM2012:CoGaMiWhLaLu,
 author = {Darren D. Cofer and Andrew Gacek and Steven P. Miller and Michael W. Whalen and Brian LaValley and Lui Sha},
 title = {{Compositional Verification of Architectural Models}},
 booktitle = {NFM 2012},
 volume = {7226},
 location = {Norfolk, VA, USA},
 pages = {126--140},
 month = {April},
 year = {2012}
}

@inproceedings{NFM2012:KaGaTiWh,
 author = {Temesghan Kahsai and Pierre-Loic Garoche and Cesare Tinelli and Michael Whalen},
 title = {{Incremental Verification with Mode Machine Invariants in State Machines}},
 booktitle = {Proceedings of the 4th  NASA Formal Methods Symposium (NFM 2012)},
 location = {Norfolk, VA, USA},
 month = {April},
 year = {2012}
}


% SMT / Lustre
@inproceedings{FMCAD2008:HaTi,
	author = {G. Hagen and C. Tinelli},
 	title = {{Scaling up the formal verification of {L}ustre programs with {SMT}-based techniques}},
 	booktitle = {In Proceedings of the 8th International Conference on Formal Methods in Computer-Aided Design (FMCAD '08)},
 	publisher = {IEEE},
 	year = {2008}
}

% FBK
@inproceedings{DBLP:conf/cav/BozzanoCPJKPRT15,
  	author    = {Marco Bozzano and
               Alessandro Cimatti and
               Anthony Fernandes Pires and
               D. Jones and
               G. Kimberly and
               T. Petri and
               R. Robinson and
               Stefano Tonetta},
  	title     = {{Formal Design and Safety Analysis of {AIR6110} Wheel Brake System}},
  	booktitle = {{CAV} 2015, Proceedings, Part {I}},
  	pages     = {518--535},
  	year      = {2015}
}

@inproceedings{CAV2015:BoCiGrMa,
 	author = {Marco Bozzano and Alessandro Cimatti and Alberto Griggio and Cristian Mattarei},
 	title = {{Efficient Anytime Techniques for Model-Based Safety Analysis}},
 	booktitle = {Computer Aided Verification},
 	year = {2015}
}

@inproceedings{DBLP:conf/edcc/BernardeschiFGM96,
  	author    = {Cinzia Bernardeschi and
               Alessandro Fantechi and
               Stefania Gnesi and
               Giorgio Mongardi},
  	title     = {Proving Safety Properties for Embedded Control Systems},
  	booktitle = {Dependable Computing - EDCC-2, Second European Dependable Computing
               Conference, Taormina, Italy, October 2-4, 1996, Proceedings},
  	pages     = {321--332},
  	year      = {1996}
}

@article{CIMATTI2015333,
	title = "Contracts-refinement proof system for component-based embedded systems",
	journal = "SCP",
	volume = "97",
	pages = "333 - 348",
	year = "2015",
	note = "SEAA â€™12",
	author = "Alessandro Cimatti and Stefano Tonetta"
}

@article{Bozzano:2011:SDP:1992983.1992988,
	author = {Bozzano, Marco and Cimatti, Alessandro and Katoen, Joost-Pieter and Nguyen, Viet Yen and Noll, Thomas and Roveri, Marco},
	title = {Safety, Dependability and Performance Analysis of Extended AADL Models},
	journal = {Comput. J.},
	issue_date = {May 2011},
	volume = {54},
	number = {5},
	month = may,
	year = {2011},
	issn = {0010-4620},
	pages = {754--775},
	numpages = {22},
	url = {http://dx.doi.org/10.1093/comjnl/bxq024},
	doi = {10.1093/comjnl/bxq024},
	acmid = {1992988},
	publisher = {Oxford University Press},
	address = {Oxford, UK},
}

@inproceedings{symbAltaRica,
	author    = {Marco Bozzano and
	Alessandro Cimatti and
	Oleg Lisagor and
	Cristian Mattarei and
	Sergio Mover and
	Marco Roveri and
	Stefano Tonetta},
	title     = {{Symbolic Model Checking and Safety Assessment of Altarica Models}},
	volume = {98},
	booktitle = {Science of Computer Programming},
	year = {2011}
}

@InProceedings{10.1007/978-3-540-75596-8-13,
	author="Bozzano, Marco
	and Cimatti, Alessandro
	and Tapparo, Francesco",
	title="Symbolic Fault Tree Analysis for Reactive Systems",
	booktitle="ATVA",
	year="2007",
	pages="162--176"
}

@InProceedings{10.1007/978-3-319-11936-6-7,
	author="Bozzano, Marco
	and Cimatti, Alessandro
	and Mattarei, Cristian
	and Tonetta, Stefano",
	title="Formal Safety Assessment via Contract-Based Design",
	booktitle="Automated Technology for Verification and Analysis",
	year="2014",
	pages="81--97"
}

% MBSA Review
@INPROCEEDINGS{5979344,
	author={O. Lisagor and T. Kelly and R. Niu},
	booktitle={The Proceedings of 2011 9th International Conference on Reliability, Maintainability and Safety},
	title={{Model-based safety assessment: Review of the discipline and its challenges}},
	year={2011},
	pages={625-632},
	keywords={risk analysis;safety;classification;model-based safety assessment;system safety engineering;Analytical models;Computational modeling;Frequency 		modulation;Mathematical model;Safety;Semantics;Valves;Model-Based Safety Assessment;Safety Assessment Methodology;System Safety Engineering},
	doi={10.1109/ICRMS.2011.5979344},
	month={June}
}

% Byzantine (NASA)
@inproceedings{Driscoll-Byzantine-Fault,
	author = {Driscoll, Kevin and Sivencrona, Hkan and Zumsteg, Phil},
	title =  {{Byzantine Fault Tolerance, from Theory to Reality}},
	booktitle =    {SAFECOMP},
	year =         "2003",
	volume =       "2788",
	series =       {LNCS},
	pages =        "235--248"
}

% FTA
@INPROCEEDINGS{historyFTA, 
author={Clifton Ericson}, 
booktitle={Proceedings of the 17th International Systems Safety Conference}, 
title={Fault Tree Analysis - A History}, 
year={1999}
}

@article{0f356f05e72f43018211b36f97c8854a,
title = "Fault tree analysis: A survey of the state-of-the-art in modeling, analysis and tools",
author = "Ruijters, {Enno Jozef Johannes} and Stoelinga, {Mari{\"e}lle Ida Antoinette}",
year = "2015",
month = "5",
day = "5",
volume = "15-16",
pages = "29--62",
journal = "Computer science review",
issn = "1574-0137",
publisher = "Elsevier Ireland Ltd"
}

%%%%% 			Tool papers		%%%%%

% xSAP
@inproceedings{DBLP:conf/tacas/BittnerBCCGGMMZ16,
  author    = {Benjamin Bittner and
               Marco Bozzano and
               Roberto Cavada and
               Alessandro Cimatti and
               Marco Gario and
               Alberto Griggio and
               Cristian Mattarei and
               Andrea Micheli and
               Gianni Zampedri},
  title     = {{The x{SAP} Safety Analysis Platform}},
  booktitle = {{TACAS}},
  pages     = {533--539},
  year      = {2016}
}

% AltaRica
@article{PROSVIRNOVA2013127,
title = {{The {A}lta{R}ica 3.0 Project for Model-Based Safety Assessment}},
journal = "IFAC",
volume = "46",
number = "22",
pages = "127 - 132",
year = "2013",
author = "Tatiana Prosvirnova and Michel Batteux and Pierre-Antoine Brameret and Abraham Cherfi and Thomas Friedlhuber and Jean-Marc Roussel and Antoine Rauzy"
}

% PRISM
@inproceedings{CAV2011:KwNoPa,
 author = {Marta Kwiatkowska and Gethin Norman and David Parker},
 title = {{{PRiSM} 4.0: Verification of Probabilistic Real-time Systems}},
 booktitle = {In Proceedings of the 23rd International Conference on Computer Aided Verification (CAV '11)},
 volume = {6806 of LNCS},
 page = {585-591},
 year = {2011}
}

% Lustre
@inproceedings{Halbwachs91:IEEE,
  author =       {N. Halbwachs and P. Caspi and P. Raymond and D. Pilaud},
  title =        {{The Synchronous Dataflow Programming Language Lustre}},
  booktitle =    {{IEEE}},
   year =         "1991",
  volume =       "79(9)",
  pages =        "1305-1320"
}

% JKind
@ARTICLE{2017arXiv171201222G,
  	author = {{Gacek}, A. and {Backes}, J. and {Whalen}, M. and {Wagner}, L. and{Ghassabani}, E.},
 	title = "{The JKind Model Checker}",
 	journal = {ArXiv e-prints},
	archivePrefix = "arXiv",
  	eprint = {1712.01222},
	primaryClass = "cs.LO",
 	keywords = {Computer Science - Logic in Computer Science},
     	year = 2017,
    	month = dec,
   	adsurl = {http://adsabs.harvard.edu/abs/2017arXiv171201222G},
 	adsnote = {Provided by the SAO/NASA Astrophysics Data System}
}

% SAML
@inproceedings{Gudemann:2010:FQQ:1909626.1909813,
   author = {Gudemann, Matthias and Ortmeier, Frank},
   title = {A Framework for Qualitative and Quantitative Formal Model-Based Safety Analysis},
   booktitle = {HASE 2010},
   year = {2010},
   pages = {132--141}
}

% SmartIFlow
@Article{info8010007,
AUTHOR = {H{\"o}nig, Philipp and Lunde, R{\"u}diger and Holzapfel, Florian},
TITLE = {{Model Based Safety Analysis with smartIflow}},
JOURNAL = {Information},
VOLUME = {8},
YEAR = {2017},
NUMBER = {1},
ARTICLE_NUMBER = {7}
}


% HipHops
@article{CHEN201391,
title = {{Systems Modeling with {EAST-ADL} for Fault Tree Analysis through {HiP-HOPS}*}},
 author = {Chen, DeJiu and Mahmud, Nidhal and Walker, Martin and Feng, Lei and L{\"o}nn, Henrik and Papadopoulos, Yiannis},
journal = "IFAC Proceedings Volumes",
volume = "46",
number = "22",
pages = "91 - 96",
year = "2013",
note = "",
issn = "1474-6670"
}

% SPIN
@inproceedings{DBLP:conf/safecomp/CimattiGMRTT98,
  author    = {Alessandro Cimatti and
               Fausto Giunchiglia and
               Giorgio Mongardi and
               Dario Romano and
               Fernando Torielli and
               Paolo Traverso},
  title     = {Model Checking Safety Critical Software with {SPIN:} An Application
               to a Railway Interlocking System},
  booktitle = {Computer Safety, Reliability and Security, 17th International Conference,
               SAFECOMP'98, Heidelberg, Germany, October 5-7, 1998, Proceedings},
  pages     = {284--295},
  year      = {1998}
}

%%%%% 			Tech reports	and overview papers	%%%%%

@techreport{SATechReport,
 author = {Stewart, Danielle and Liu, Jing and Whalen, Michael and Cofer, Darren and Peterson, Michael},
 title = {{Safety Annex for Architecture Analysis Design and Analysis Language}},
 number = {18-007},
 institution = {University of Minnesota},
 month = {March},
 year = {2018},
 url = {https://www.cs.umn.edu/research/technical_reports/view/18-007}
}


@techreport{FTATechReport,
 author = {Vesley, W and Stamatelatos, M and Dugan, J and Minnarick, J and Railsback, J},
 title = {{Fault Tree Handbook with Aerospace Applications}},
 institution = {NASA},
 year = {2002}
}

@TECHREPORT{EMV2,
author = {Feiler, Peter and Hudak, John and Delange, Julien and Gluch, Dave},
year = {2016},
month = {06},
title = {Architecture Fault Modeling and Analysis with the Error Model Annex, Version 2},
institution = {Software Engineering Institute},
number = {CMU/SEI-2016-TR-009}
}

@techreport{SEI:AADL,
 author = {Delange, Julien and Feiler, Peter and Gluch, Danid P. and Hudak, John},
 title = {{{AADL} Fault Modeling and Analysis Within an {ARP4761} Safety Assessment}},
 number = {CMU/SEI-2014-TR-020 },
 institution = {Software Engineering Institute: Carnegie Mellon University},
 month = {October},
 year = {2014},
 url = {http://resources.sei.cmu.edu/asset_files/technicalreport/2014_005_001_311911.pdf}
}

@article{basicConcepts,
	author = {A. Aviyienis and J. Laprie and B. Randall and C. Landwehr},
	title = {Basic concepts and taxonomy of dependable and secure computing},
	journal = {IEEE Transactions on Dependable and Secure Computing},
	year = {2004},
	number = {1},
	volume = {1},
	pages = {11-33}
}

%%%%%			Tool specific

@MISC{SRIInternational,
  author =       {{SRI International}},
  title =        {{The {PVS} Specification and Verification System}},
  howpublished = "http://pvs.csl.sri.com"
}

@MISC{SCADE,
  author =       {{Esterel Technologies}},
  title =        {{{SCADE} Suite Product Description}},
  howpublished = "http://www.estereltechnologies.com"
}

%%%%%			PhD Theses		%%%%%
@phdthesis{mattareiThesis,
  TITLE = {{Scalable safety and reliability analysis via symbolic model checking: theory and applications}},
  AUTHOR = {Mattarei},
  URL = {https://profiles.stanford.edu/cristian-mattarei},
  SCHOOL = {{Universita Degli Studi di Trento}},
  YEAR = {2016},
  MONTH = Feb,
  TYPE = {Theses},
  PDF = {http://www.mattarei.eu/cristian/documents/Cristian_Mattarei-PhD_Thesis-RED.pdf}
}

@phdthesis{prosvirnova:tel-01119730,
  TITLE = {{AltaRica 3.0: a Model-Based approach for Safety Analyses}},
  AUTHOR = {Prosvirnova, Tatiana},
  URL = {https://pastel.archives-ouvertes.fr/tel-01119730},
  SCHOOL = {{Ecole Polytechnique}},
  YEAR = {2014},
  MONTH = Nov,
  KEYWORDS = {Safety ; Reliability ; Model-Based approach ; AltaRica ; Analyse du risque ; Fiabilit{\'e} ; S{\^u}ret{\'e} de Fonctionnement ; approche orient{\'e}e mod{\`e}les},
  TYPE = {Theses},
  PDF = {https://pastel.archives-ouvertes.fr/tel-01119730/file/main.pdf},
  HAL_ID = {tel-01119730},
  HAL_VERSION = {v2},
}

%%%%%			Websites, Guidelines, etc.
@MISC{SAE:ARP4761,
  author = {{SAE ARP 4761}},
  title = {{Guidelines and Methods for Conducting the Safety Assessment
Process on Civil Airborne Systems and Equipment}},
  publisher = {SAE International},
  month = {December},
  year={1996}
}

@MISC{SAE:ARP4754A,
	author = {{SAE ARP4754A}},
	title = {{Guidelines for Development of Civil Aircraft and Systems}},
	publisher = {SAE International},
	location = {Warrendale, PA, USA},
	month = {December},
	year={2010}
}

@MISC{AIR6110,
  author = {{AIR 6110}},
  title = {{Contiguous Aircraft/System Development Process Example}},
  publisher = {SAE},
  month = {Dec.},
  year={2011}
}

@MISC{AADL_Standard,
	author = {{AS5506C}},
	title = {{Architecture Analysis \& Design Language (AADL)}},
	publisher = {SAE International},
	month = {Jan.},
	year={2017}
}

@MISC{IEEE:PSL,
  title = {{{IEEE} Standard for Property Specification Language (PSL)}},
  organization = {IEEE Std 1850-2005},
  year = {2005}
}

@MISC{RTCA:StdC,
  title = {{{RTCA/DO-178C} Software Considerations in Airborne Systems and Equipment Certification}},
  organization = {RTCA, Inc.},
  year = {2011}
}

%%%%%			Books		%%%%%
@book{FeilerModelBasedEngineering2012,
   title = {Model-Based Engineering with AADL: An Introduction to the SAE Architecture Analysis \& Design Language},
   author={Peter Feiler and David Gluch},
   year={2012},
   publisher={Addison-Wesley Professional},
}

@book{Bozzano:2010:DSA:1951720,
	author = {Bozzano, Marco and Villafiorita, Adolfo},
	title = {Design and Safety Assessment of Critical Systems},
	year = {2010},
	isbn = {1439803315, 9781439803318},
	edition = {1st},
	publisher = {Auerbach Publications},
	address = {Boston, MA, USA},
}